@article{pktlosspaper,
    author = "Shravan Rayanchu, Arunesh Mishra, Dheeraj Agrawal, Sharad Saha, Suman Banerjee",
    title = "Diagnosing Wireless Packet Losses in 802.11: Separating Collision from Weak Signal",
    university = "Department of Computer Sciences, University of Wisconsin Madison, USA"
}